<?xml version="1.0" encoding="UTF-8"?><record xmlns="http://www.loc.gov/MARC21/slim" xmlns:cinclude="http://apache.org/cocoon/include/1.0" xmlns:zs="http://www.loc.gov/zing/srw/">
  <leader>00437cz  a2200133n  4500</leader>
  <controlfield tag="001">n  99003686 </controlfield>
  <controlfield tag="003">DLC</controlfield>
  <controlfield tag="005">19991027132932.0</controlfield>
  <controlfield tag="008">990114n| acannaab           |n aaa      </controlfield>
  <datafield tag="010" ind1=" " ind2=" ">
    <subfield code="a">n  99003686 </subfield>
  </datafield>
  <datafield tag="040" ind1=" " ind2=" ">
    <subfield code="a">DLC</subfield>
    <subfield code="c">DLC</subfield>
    <subfield code="d">DLC</subfield>
  </datafield>
  <datafield tag="100" ind1="1" ind2="0">
    <subfield code="a">McIntosh, Gregory C.</subfield>
  </datafield>
  <datafield tag="670" ind1=" " ind2=" ">
    <subfield code="a">His Antique map reproductions, 1998:</subfield>
    <subfield code="b">t.p. (Gregory C. McIntosh)</subfield>
  </datafield>
  <datafield tag="670" ind1=" " ind2=" ">
    <subfield code="a">The Piri Reis map of 1513, c2000:</subfield>
    <subfield code="b">CIP t.p. (Gregory C. McIntosh) data sht. (b. Dec. 19, 1949)</subfield>
  </datafield>
</record>